@article{securebaserouting,
  title={A Practicable Approach Towards Secure Key-Based Routing},
  author={I. Baumgart and S. Mies}
}
@article{securerouting,
  title={Secure routing for structured peer-to-peer overlay networks.},
  author={M. Castro and P. Druschel and A. Ganesh and A. Rowstron and D. S. Wallach}
}